@misc{hill, title={Urban Legends in Computer Vision}, url={http://www.lyndonhill.com/opinion-cvlegends.html}, journal={Urban Legends in Computer Vision | Lyndon Hill}, author={Hill, Lyndon}}

@misc{parloff_2019, title={From 2016: Why Deep Learning Is Suddenly Changing Your Life}, url={https://fortune.com/longform/ai-artificial-intelligence-deep-machine-learning/}, journal={Fortune}, publisher={Fortune}, author={Parloff, Roger}, year={2019}, month={Jun}}

@misc{ouaknine_2018, title={Review of Deep Learning Algorithms for Object Detection}, url={https://medium.com/zylapp/review-of-deep-learning-algorithms-for-object-detection-c1f3d437b852}, journal={Medium}, publisher={Zyl Story}, author={Ouaknine, Arthur}, year={2018}, month={Feb}}

@inproceedings{rcnn,
 author = {Girshick, Ross and Donahue, Jeff and Darrell, Trevor and Malik, Jitendra},
 title = {Rich Feature Hierarchies for Accurate Object Detection and Semantic Segmentation},
 booktitle = {Proceedings of the 2014 IEEE Conference on Computer Vision and Pattern Recognition},
 series = {CVPR '14},
 year = {2014},
 isbn = {978-1-4799-5118-5},
 pages = {580--587},
 numpages = {8},
 url = {https://doi.org/10.1109/CVPR.2014.81},
 doi = {10.1109/CVPR.2014.81},
 acmid = {2679851},
 publisher = {IEEE Computer Society},
 address = {Washington, DC, USA},
} 

@inproceedings{fastrcnn,
 author = {Girshick, Ross},
 title = {Fast R-CNN},
 booktitle = {Proceedings of the 2015 IEEE International Conference on Computer Vision (ICCV)},
 series = {ICCV '15},
 year = {2015},
 isbn = {978-1-4673-8391-2},
 pages = {1440--1448},
 numpages = {9},
 url = {http://dx.doi.org/10.1109/ICCV.2015.169},
 doi = {10.1109/ICCV.2015.169},
 acmid = {2920125},
 publisher = {IEEE Computer Society},
 address = {Washington, DC, USA},
} 

@article{fasterrcnn,
 author = {Ren, Shaoqing and He, Kaiming and Girshick, Ross and Sun, Jian},
 title = {Faster R-CNN: Towards Real-Time Object Detection with Region Proposal Networks},
 journal = {IEEE Trans. Pattern Anal. Mach. Intell.},
 issue_date = {June 2017},
 volume = {39},
 number = {6},
 month = jun,
 year = {2017},
 issn = {0162-8828},
 pages = {1137--1149},
 numpages = {13},
 url = {https://doi.org/10.1109/TPAMI.2016.2577031},
 doi = {10.1109/TPAMI.2016.2577031},
 acmid = {3101780},
 publisher = {IEEE Computer Society},
 address = {Washington, DC, USA},
}

@misc{vgg16,
    title={Very Deep Convolutional Networks for Large-Scale Image Recognition},
    author={Karen Simonyan and Andrew Zisserman},
    year={2014},
    eprint={1409.1556},
    archivePrefix={arXiv},
    primaryClass={cs.CV}
}

@misc{pooling, title={Deep Learning Cage Match: Max Pooling vs Convolutions}, url={https://mc.ai/deep-learning-cage-match-max-pooling-vs-convolutions/}, journal={mc.ai}, author={Chm}, year={2018}, month={Sep}}

@inproceedings{cnn1,
author = {Orhan, Semih and Bastanlar, Yalin},
year = {2016},
month = {10},
pages = {},
title = {Detecting Photos with Leopards Using Convolutional Neural Networks}
}

@misc{neuraltalk2,
    title={Deep Visual-Semantic Alignments for Generating Image Descriptions},
    author={Andrej Karpathy and Li Fei-Fei},
    year={2014},
    eprint={1412.2306},
    archivePrefix={arXiv},
    primaryClass={cs.CV}
}

@misc{scan,
    title={Stacked Cross Attention for Image-Text Matching},
    author={Kuang-Huei Lee and Xi Chen and Gang Hua and Houdong Hu and Xiaodong He},
    year={2018},
    eprint={1803.08024},
    archivePrefix={arXiv},
    primaryClass={cs.CV}
}

@misc{vse,
    title={VSE++: Improving Visual-Semantic Embeddings with Hard Negatives},
    author={Fartash Faghri and David J. Fleet and Jamie Ryan Kiros and Sanja Fidler},
    year={2017},
    eprint={1707.05612},
    archivePrefix={arXiv},
    primaryClass={cs.LG}
}

@misc{dan,
    title={Dual Attention Networks for Multimodal Reasoning and Matching},
    author={Hyeonseob Nam and Jung-Woo Ha and Jeonghee Kim},
    year={2016},
    eprint={1611.00471},
    archivePrefix={arXiv},
    primaryClass={cs.CV}
}

@misc{bottomup,
    title={Bottom-Up and Top-Down Attention for Image Captioning and Visual Question Answering},
    author={Peter Anderson and Xiaodong He and Chris Buehler and Damien Teney and Mark Johnson and Stephen Gould and Lei Zhang},
    year={2017},
    eprint={1707.07998},
    archivePrefix={arXiv},
    primaryClass={cs.CV}
}

@misc{hu2015convolutional,
    title={Convolutional Neural Network Architectures for Matching Natural Language Sentences},
    author={Baotian Hu and Zhengdong Lu and Hang Li and Qingcai Chen},
    year={2015},
    eprint={1503.03244},
    archivePrefix={arXiv},
    primaryClass={cs.CL}
}

@misc{ma2015multimodal,
    title={Multimodal Convolutional Neural Networks for Matching Image and Sentence},
    author={Lin Ma and Zhengdong Lu and Lifeng Shang and Hang Li},
    year={2015},
    eprint={1504.06063},
    archivePrefix={arXiv},
    primaryClass={cs.CV}
}

@misc{zheng2017dualpath,
    title={Dual-Path Convolutional Image-Text Embedding with Instance Loss},
    author={Zhedong Zheng and Liang Zheng and Michael Garrett and Yi Yang and Yi-Dong Shen},
    year={2017},
    eprint={1711.05535},
    archivePrefix={arXiv},
    primaryClass={cs.CV}
}

@article{nnlm,
author = {Bengio, Yoshua and Ducharme, R\'{e}jean and Vincent, Pascal and Janvin, Christian},
title = {A Neural Probabilistic Language Model},
year = {2003},
issue_date = {March 2003},
publisher = {JMLR.org},
volume = {3},
number = {null},
issn = {1532-4435},
journal = {J. Mach. Learn. Res.},
month = mar,
pages = {1137–1155},
numpages = {19}
}
@article{nlpscratch,
author = {Collobert, Ronan and Weston, Jason and Bottou, L\'{e}on and Karlen, Michael and Kavukcuoglu, Koray and Kuksa, Pavel},
title = {Natural Language Processing (Almost) from Scratch},
year = {2011},
issue_date = {February 2011},
publisher = {JMLR.org},
volume = {12},
number = {null},
issn = {1532-4435},
journal = {J. Mach. Learn. Res.},
month = nov,
pages = {2493–2537},
numpages = {45}
}
  
@InProceedings{TranslatingArtworks,
author="Tomei, Matteo
and Baraldi, Lorenzo
and Cornia, Marcella
and Cucchiara, Rita",
editor="Leal-Taix{\'e}, Laura
and Roth, Stefan",
title="What Was Monet Seeing While Painting? Translating Artworks to Photo-Realistic Images",
booktitle="Computer Vision -- ECCV 2018 Workshops",
year="2019",
publisher="Springer International Publishing",
address="Cham",
pages="601--616",
isbn="978-3-030-11012-3"
}

@article{parttowhole,
  title={From Part to Whole: Who is Behind the Painting?},
  author={Daiqian Ma and Feng Gao and Yan Bai and Yihang Lou and Shiqi Wang and Tiejun Huang and Ling-yu Duan},
  journal={Proceedings of the 25th ACM international conference on Multimedia},
  year={2017}
}

@misc{Art2Real,
    title={Art2Real: Unfolding the Reality of Artworks via Semantically-Aware Image-to-Image Translation},
    author={Matteo Tomei and Marcella Cornia and Lorenzo Baraldi and Rita Cucchiara},
    year={2018},
    eprint={1811.10666},
    archivePrefix={arXiv},
    primaryClass={cs.CV}
}

@InProceedings{mqa,
author="Sheng, Shurong
and Laenen, Katrien
and Moens, Marie-Francine",
editor="Azzopardi, Leif
and Stein, Benno
and Fuhr, Norbert
and Mayr, Philipp
and Hauff, Claudia
and Hiemstra, Djoerd",
title="Can Image Captioning Help Passage Retrieval in Multimodal Question Answering?",
booktitle="Advances in Information Retrieval",
year="2019",
publisher="Springer International Publishing",
address="Cham",
pages="94--101",
isbn="978-3-030-15719-7"
}

@INPROCEEDINGS{adaboost,  author={P. {Viola} and M. {Jones}},  booktitle={Proceedings of the 2001 IEEE Computer Society Conference on Computer Vision and Pattern Recognition. CVPR 2001},  title={Rapid object detection using a boosted cascade of simple features},   year={2001},  volume={1},  number={},  pages={I-I},}

@article{alexnet,
author = {Krizhevsky, Alex and Sutskever, Ilya and Hinton, Geoffrey E.},
title = {ImageNet Classification with Deep Convolutional Neural Networks},
year = {2017},
issue_date = {May 2017},
publisher = {Association for Computing Machinery},
address = {New York, NY, USA},
volume = {60},
number = {6},
issn = {0001-0782},
url = {https://doi.org/10.1145/3065386},
doi = {10.1145/3065386},
journal = {Commun. ACM},
month = may,
pages = {84–90},
numpages = {7}
}
  
@inproceedings{imagenet,
        AUTHOR = {Deng, J. and Dong, W. and Socher, R. and Li, L.-J. and Li, K. and Fei-Fei, L.},
        TITLE = {{ImageNet: A Large-Scale Hierarchical Image Database}},
        BOOKTITLE = {CVPR09},
        YEAR = {2009},
        BIBSOURCE = "http://www.image-net.org/papers/imagenet_cvpr09.bib"}

@misc{bmva,
    author = "{The British Machine Vision Association and Society for Pattern Recognition}",
    title = "Vision Overview",
    year = "2017",
    url = "http://www.bmva.org/visionoverview",
    note = "[Online; accessed 20-02-2017]"
  }
  
@InProceedings{MensinkICMIR2014,
  author       = "Mensink, T. E. J. and van Gemert, J. C.",
  title        = "The Rijksmuseum Challenge: Museum-Centered Visual Recognition",
  booktitle    = "ACM International Conference on Multimedia Retrieval",
  year         = "2014",
  url          = "https://ivi.fnwi.uva.nl/isis/publications/2014/MensinkICMIR2014",
  pdf          = "https://ivi.fnwi.uva.nl/isis/publications/2014/MensinkICMIR2014/MensinkICMIR2014.pdf",
  has_image    = 1
}

@inproceedings{nounphrase,
    title = "Bag of What? Simple Noun Phrase Extraction for Text Analysis",
    author = "Handler, Abram  and
      Denny, Matthew  and
      Wallach, Hanna  and
      O{'}Connor, Brendan",
    booktitle = "Proceedings of the First Workshop on {NLP} and Computational Social Science",
    month = nov,
    year = "2016",
    address = "Austin, Texas",
    publisher = "Association for Computational Linguistics",
    url = "https://www.aclweb.org/anthology/W16-5615",
    doi = "10.18653/v1/W16-5615",
    pages = "114--124",
}

@misc{resnet,
    title={Deep Residual Learning for Image Recognition},
    author={Kaiming He and Xiangyu Zhang and Shaoqing Ren and Jian Sun},
    year={2015},
    eprint={1512.03385},
    archivePrefix={arXiv},
    primaryClass={cs.CV}
}

@misc{tan2017artgan,
    title={ArtGAN: Artwork Synthesis with Conditional Categorical GANs},
    author={Wei Ren Tan and Chee Seng Chan and Hernan Aguirre and Kiyoshi Tanaka},
    year={2017},
    eprint={1702.03410},
    archivePrefix={arXiv},
    primaryClass={cs.CV}
}

@misc{shen2019discovering,
    title={Discovering Visual Patterns in Art Collections with Spatially-consistent Feature Learning},
    author={Xi Shen and Alexei A. Efros and Mathieu Aubry},
    year={2019},
    eprint={1903.02678},
    archivePrefix={arXiv},
    primaryClass={cs.CV}
}

@misc{VSRN,
    title={Visual Semantic Reasoning for Image-Text Matching},
    author={Kunpeng Li and Yulun Zhang and Kai Li and Yuanyuan Li and Yun Fu},
    year={2019},
    eprint={1909.02701},
    archivePrefix={arXiv},
    primaryClass={cs.CV}
}

@inproceedings{MTFN,
author = {Wang, Tan and Xu, Xing and Yang, Yang and Hanjalic, Alan and Shen, Heng Tao and Song, Jingkuan},
title = {Matching Images and Text with Multi-Modal Tensor Fusion and Re-Ranking},
year = {2019},
isbn = {9781450368896},
publisher = {Association for Computing Machinery},
address = {New York, NY, USA},
url = {https://doi.org/10.1145/3343031.3350875},
doi = {10.1145/3343031.3350875},
booktitle = {Proceedings of the 27th ACM International Conference on Multimedia},
pages = {12–20},
numpages = {9},
keywords = {image-text matching, cross-modal re-ranking, tensor fusion},
location = {Nice, France},
series = {MM ’19}
}

@misc{benyounes2017mutan,
    title={MUTAN: Multimodal Tucker Fusion for Visual Question Answering},
    author={Hedi Ben-younes and Rémi Cadene and Matthieu Cord and Nicolas Thome},
    year={2017},
    eprint={1705.06676},
    archivePrefix={arXiv},
    primaryClass={cs.CV}
}
  
